<record><leader>00000cas a2200000 a 4500</leader><controlfield tag="001">9391862</controlfield><controlfield tag="008">830409d19551978vi dn ne      0   a0eng c</controlfield><datafield ind1=" " ind2=" " tag="010"><subfield code="a">sn 83025327 </subfield></datafield><datafield ind1=" " ind2=" " tag="040"><subfield code="a">NPV</subfield><subfield code="b">eng</subfield><subfield code="c">NPV</subfield><subfield code="d">DLC</subfield><subfield code="d">OCL</subfield><subfield code="d">DLC</subfield><subfield code="d">OCLCQ</subfield><subfield code="d">DLC</subfield><subfield code="d">OCLCA</subfield><subfield code="d">OCLCF</subfield></datafield><datafield ind1=" " ind2=" " tag="019"><subfield code="a">1557259</subfield></datafield><datafield ind1="1" ind2=" " tag="029"><subfield code="a">AU@</subfield><subfield code="b">000020399277</subfield></datafield><datafield ind1=" " ind2=" " tag="042"><subfield code="a">pcc</subfield></datafield><datafield ind1=" " ind2=" " tag="043"><subfield code="a">nwvi---</subfield></datafield><datafield ind1=" " ind2=" " tag="045"><subfield code="a">x3x7</subfield></datafield><datafield ind1="0" ind2="0" tag="050"><subfield code="a">Newspaper</subfield></datafield><datafield ind1=" " ind2=" " tag="052"><subfield code="a">5012</subfield><subfield code="b">S4</subfield></datafield><datafield ind1="0" ind2="4" tag="245"><subfield code="a">The Daily news of the Virgin Islands.</subfield></datafield><datafield ind1="1" ind2="7" tag="246"><subfield code="a">Daily news</subfield></datafield><datafield ind1=" " ind2=" " tag="260"><subfield code="a">Charlotte Amalie, St. Thomas, V.I. :</subfield><subfield code="b">[Art Shop,</subfield><subfield code="c">1955-1978]</subfield></datafield><datafield ind1=" " ind2=" " tag="300"><subfield code="a">23 v. :</subfield><subfield code="b">ill. ;</subfield><subfield code="c">38 cm.</subfield></datafield><datafield ind1=" " ind2=" " tag="310"><subfield code="a">Daily (except Sunday)</subfield></datafield><datafield ind1="0" ind2=" " tag="362"><subfield code="a">26th year, no. 8712 (Aug. 1, 1955)-48th year, no. 12043 (May 17, 1978).</subfield></datafield><datafield ind1=" " ind2=" " tag="500"><subfield code="a">"The only independent Virgin Islands newspaper serving the people of the Virgin Islands."</subfield></datafield><datafield ind1=" " ind2=" " tag="500"><subfield code="a">Editor: Ariel Melchior, Sr., 1955-1964; Ariel Melchior, Jr., 1964-1976; John Thompson, Jan.-Apr. 1977; Carter Hague, Apr. 1977-May 1978.</subfield></datafield><datafield ind1=" " ind2=" " tag="525"><subfield code="a">40th anniversary ed., Aug. 1, 1970; 160 pp., 45th anniversary ed., Aug. 1, 1975. Contained ill. history of the islands and newspaper publishing in the territory.</subfield></datafield><datafield ind1=" " ind2="0" tag="651"><subfield code="a">Charlotte Amalie (United States Virgin Islands)</subfield><subfield code="v">Newspapers.</subfield></datafield><datafield ind1=" " ind2="7" tag="655"><subfield code="a">Newspapers.</subfield><subfield code="2">fast</subfield><subfield code="0">(OCoLC)fst01423814</subfield></datafield><datafield ind1=" " ind2="7" tag="651"><subfield code="a">United States Virgin Islands</subfield><subfield code="z">Charlotte Amalie.</subfield><subfield code="2">fast</subfield><subfield code="0">(OCoLC)fst01861757</subfield></datafield><datafield ind1=" " ind2=" " tag="752"><subfield code="a">United States</subfield><subfield code="b">Virgin Islands</subfield><subfield code="c">Saint Thomas</subfield><subfield code="d">Charlotte Amalie.</subfield></datafield><datafield ind1="0" ind2="0" tag="780"><subfield code="t">Daily news (Charlotte Amalie, United States Virgin Islands)</subfield><subfield code="w">(DLC)sn 84037508</subfield><subfield code="w">(OCoLC)10463984</subfield></datafield><datafield ind1="0" ind2="0" tag="785"><subfield code="t">Virgin Islands daily news</subfield><subfield code="w">(DLC)sn 84037551</subfield><subfield code="w">(OCoLC)10531523</subfield></datafield></record>